01REMESSA01COBRANCA       006100198677        WEEL BSD Fomento Mercantil Ltd341BANCO ITAU SA  110520                                                                                                                                                                                                                                                                                                      000001
10224127816000149006100198677    0000                         000058160000000000000109                     I0100001989|329042000000021964003410000005N110520920000000000087860000000000000000000000000000000000000000000000217493690000160VEJA7 TECNOLOGIA LTDA                   R JOAO BETTEGA 367                      PORTAO      81070000CURITIBA       PRVEJA7 TECNOLOGIA LTDA             29042045 000002
9                                                                                                                                                                                                                                                                                                                                                                                                         000003